<?xml version="1.0" encoding="UTF-8"?><collection xmlns="http://www.loc.gov/MARC21/slim"><record><leader>00634nam--2200217-u-4500</leader><controlfield tag="001">000050367</controlfield><controlfield tag="002">20161230</controlfield><controlfield tag="003">81790</controlfield><controlfield tag="005">20161230201048</controlfield><controlfield tag="008">070129s1000------------r-----000-0-eng-d</controlfield><datafield ind1=" " ind2=" " tag="020"><subfield code="a">0821837648</subfield></datafield><datafield ind1=" " ind2=" " tag="040"><subfield code="a">IFIN-HH</subfield></datafield><datafield ind1=" " ind2=" " tag="080"><subfield code="a">512.54:517.977</subfield></datafield><datafield ind1="1" ind2=" " tag="100"><subfield code="a">Jurdjevic,V</subfield></datafield><datafield ind1="1" ind2="0" tag="245"><subfield code="a">Integrable Hamiltonian Systems on Complex Lie Groups</subfield><subfield code="c">V. Jurdjevic</subfield></datafield><datafield ind1=" " ind2=" " tag="260"><subfield code="a">Providence, Rhode Island</subfield><subfield code="b">American Mathematical Society</subfield><subfield code="c">2005</subfield></datafield><datafield ind1=" " ind2=" " tag="300"><subfield code="a">133 p</subfield></datafield><datafield ind1=" " ind2=" " tag="490"><subfield code="a">Memoirs of the American Mathematical Society</subfield><subfield code="v">Vol.838</subfield></datafield><datafield ind1=" " ind2="4" tag="650"><subfield code="a">Complex Lie Groups</subfield></datafield><datafield ind1=" " ind2=" " tag="852"><subfield code="a">81790</subfield><subfield code="c">519.4/5</subfield></datafield><datafield ind1=" " ind2=" " tag="CAT"><subfield code="a">Sys</subfield><subfield code="c">20110314</subfield><subfield code="h">142723</subfield></datafield></record></collection>